@Comment Оставляю библиографию, чтоб было видно как оформлять. В википедии есть инфа по всем типам.


@Book{Chomsky,
  author =		 {Chomsky, N},
  title = 		 {Syntactic Structures},
  publisher = 	 {The Hague: Mouton},
  pagetotal = {117},
  year = 		 {1957},
  language =     "russian"
}

@Book{winograd,
	author =		 {Виноград, Т},
	title = 		 {Программа, понимающая естественный язык},
	publisher = 	 {Мир},
	address =        {Москва},
	pagetotal = {294},
	year = 		 {1975},
	language =     "russian"
}

@conference{ont1,
	author =		 {Кузнецов О.П. Суховеров В.С. Шипилина Л.Б.},
	title = 		 {Онтология как систематизация научных знаний: структура, семантика, задачи},
	booktitle = {Технические и программные средства, систем управления контроля, измерения},
	year = 		 {2010},
	language =     "russian"
}

@article{ont2,
author =		 {Джумайло Е.С., Баранюк В.В.},
title = 		 {Онтология как систематизация научных знаний: структура, семантика, задачи},
journal = {International Journal of Open Information Technologies},
year = 		 {2018},
month = {6},
language =     "russian"
}

@incollection{Verb,
	author =		 {Князев Ю.П. Рыжова, Ю.В.},
	booktitle = 		 {Морфология современного русского языка},
	publisher = 	 {Факультет филологии и искусств СПбГУ.},
	title = {Глагол},
	address =        {Москва},
	pagetotal = {634},
	year = 		 {2009},
	language =     "russian",
	pages = {323-483}
}
@incollection{Noun,
	author =		 {Смирнов Ю.Б.},
	booktitle = 		 {Морфология современного русского языка},
	publisher = 	 {Факультет филологии и искусств СПбГУ.},
	title = {Существительное},
	address =        {Москва},
	pagetotal = {634},
	year = 		 {2009},
	language =     "russian",
	pages = {76-169}
}
@incollection{adj,
	author =		 {Князев Ю.П.},
	booktitle = 		 {Морфология современного русского языка},
	title = {Прилагательное},
	publisher = 	 {Факультет филологии и искусств СПбГУ.},
	address =        {Москва},
	pagetotal = {634},
	year = 		 {2009},
	language =     "russian",
	pages = {173-233}
}

@online{syntaxnet,
	author = {mnv},
	title = {Синтаксический анализ текстов с помощью SyntaxNet},
	year = {2016},
	url = {https://habr.com/ru/post/317564/},
	urldate = {10.05.2019},
	language = "russian"
}

@online{alice,
	author = {Яндекс},
	title = {Яндекс.Алиса},
	year = {2017},
	url = {https://tech.yandex.ru/dialogs/alice/doc/about-docpage/},
	urldate = {10.05.2019},
	language = "russian"
}

@online{python,
	author = {Вероника},
	title = {Почему Python используется для машинного обучения?},
	year = {2019},
	url = {https://medium.com/nuances-of-programming/%D0%BF%D0%BE%D1%87%D0%B5%D0%BC%D1%83-python-%D0%B8%D1%81%D0%BF%D0%BE%D0%BB%D1%8C%D0%B7%D1%83%D0%B5%D1%82%D1%81%D1%8F-%D0%B4%D0%BB%D1%8F-%D0%BC%D0%B0%D1%88%D0%B8%D0%BD%D0%BD%D0%BE%D0%B3%D0%BE-%D0%BE%D0%B1%D1%83%D1%87%D0%B5%D0%BD%D0%B8%D1%8F-bc1a2d8f5963},
	urldate = {10.05.2019},
	language = "russian"
}

@conference{udpipe,
	author = {Milan Straka, Jana Strakova},
	title = {Tokenizing, POS Tagging, Lemmatizing and Parsing UD 2.0 with UDPipe},
	year = {2017},
	url = {http://ufal.mff.cuni.cz/~straka/papers/2017-conll_udpipe.pdf},
	urldate = {10.05.2019},
	language = "russian"
}

@online{conllu,
	title = {CoNLL-U Format},
	year = {2017},
	url = {https://universaldependencies.org/format.html},
	urldate = {10.05.2019},
	language = "russian"
}


@online{syntaxa,
	author = {Денис Кирьянов},
	title = {Изучаем синтаксические парсеры для русского языка},
	year = {2018},
	url = {https://habr.com/ru/company/sberbank/blog/418701/},
	urldate = {10.05.2019},
	language = "russian"
}

@online{googlet,
	author = {Yonghui Wu, Mike Schuster, Zhifeng Chen, Quoc V. Le, Mohammad Norouzi},
	title = {Google’s Neural Machine Translation System: Bridging the Gap
	between Human and Machine Translation},
	year = {2016},
	url = {https://arxiv.org/pdf/1609.08144.pdf},
	urldate = {10.05.2019},
	language = "russian"
}


@online{acl,
	author = {ACL},
	title = {A Digital Archive of Research Papers in Computational Linguistics},
	url = {https://aclweb.org/anthology/},
	urldate = {10.05.2019},
	language = "russian"
}

@online{posfreq,
	author = {Ляшевская О.Н. Шаров С.А.},
	title = {Новый частотный словарь русской лексики},
	url = {http://dict.ruslang.ru/},
	urldate = {10.05.2019},
	language = "russian"
}

@incollection{pymorphy2,
	year={2015},
	isbn={978-3-319-26122-5},
	booktitle={Analysis of Images, Social Networks and Texts},
	volume={542},
	series={Communications in Computer and Information Science},
	editor={Khachay, Mikhail Yu. and Konstantinova, Natalia and Panchenko, Alexander and Ignatov, Dmitry I. and Labunets, Valeri G.},
	doi={10.1007/978-3-319-26123-2_31},
	title={Morphological Analyzer and Generator for Russian and Ukrainian Languages},
	url={http://dx.doi.org/10.1007/978-3-319-26123-2_31},
	publisher={Springer International Publishing},
	keywords={Morphological analyzer; Russian; Ukrainian; Morphological generator; Open source; OpenCorpora; LanguageTool; pymorphy2; pymorphy},
	author={Korobov, Mikhail},
	pages={320-332},
	language={russian}
}

@online{opencorpora,
author = {Бочаров В.В., Алексеева С.В., Грановский Д.В., Остапук Н.А., Степанова М.Е., Суриков А.В.},
title = {OpenCorpora},
url = {http://opencorpora.org/},
urldate = {10.05.2019},
language = "russian"
}


@manual{mystem,
	author = {Ilya Segalovich},
	title = {A fast morphological algorithm with unknown word guessing induced by a dictionary for a web search engine},
	url = {http://cache-mskm908.cdn.yandex.net/download.yandex.ru/company/iseg-las-vegas.pdf},
	organization= {Yandex},
	urldate = {10.05.2019},
	language = "russian"
}

@book{neo4j,
	author = {Робинсон, Ян},
	title = {Графовые базы данных. Новые возможности для работы со связанными данными},
	publisher = 	 {ДМК Пресс},
	address =        {Москва},
	pagetotal = {256},
	year = 		 {2015},
	language =     "russian"
}

@online{gngramm,
author = {Google},
title = {Google Ngramm Viewer},
url = {https://books.google.com/ngrams/info},
urldate = {10.05.2019},
language = "russian"
}

@online{syntagrus,
author = {Национальный корпус русского языка},
title = {Синтаксически размеченный корпус русского языка: информация для пользователей},
url = {http://www.ruscorpora.ru/},
urldate = {10.05.2019},
language = "russian"
}

@phdthesis{disser,
author = {Шелманов, А. О.},
title = {Исследование методов автоматического анализа текстов и разработка интегрированной системы семантико-синтаксического анализа},
school = {Федеральное государственное бюджетное учреждение науки Институт системного анализа Российской академии наук},
year= 2015,
language = "russian"
}

@article{smth2,
author =		 {Ryan McDonald, Fernando Pereira, Kiril Ribarov, Jan Hajic},
title = 		 {Non-projective dependency parsing using spanning tree algorithms},
journal = {Association for Computational Linguistics},
year = 		 {2005},
pages =  {523–530},
language =     "russian"
}


@online{gephi,
	author = {Gephi},
	title = {Features},
	url = {https://gephi.org/features/},
	urldate = {10.05.2019},
	language = "russian"
}

@online{d3,
author = {D3},
title = {ScaleTest},
url = {http://curran.github.io/HTML5Examples/d3/scaleTest/},
urldate = {10.05.2019},
language = "russian"
}

@incollection{rphrases,
	author =		 {Валгина Н.С.},
	booktitle = 		 {Синтаксис современного русского языка},
	publisher = 	 {Агар},
	title = {Словосочетание},
	address =        {Москва},
	pagetotal = {416},
	year = 		 {2000},
	language =     "russian"
}
@incollection{rsentence,
author =		 {Валгина Н.С.},
booktitle = 		 {Синтаксис современного русского языка},
publisher = 	 {Агар},
title = {Предложение},
address =        {Москва},
pagetotal = {416},
year = 		 {2000},
language =     "russian"
}
@incollection{deptree,
author =		 {Daniel Jurafsky, James H. Martin},
booktitle = 		 {Speech and Language Processing.},
publisher = 	 {Prentice Hall},
title = {Dependency Parsing},
pagetotal = {558},
year = 		 {2008},
language =     "russian"
}


@book{plusrya,
	author = {Н.М. Шанский, А.Н. Тихонов.},
	title = {Современный русский язык. Учеб. для студентов пед. ин-тов },
	publisher = 	 {Просвещение},
	address =        {Москва},
	pagetotal = {256},
	year = 		 {1987},
	language =     "russian"
}

@online{cosyco,
	author = {Клышинский, Э.С.},
title = {КоСиКо},
url = {http://cosyco.ru/},
urldate = {10.05.2019},
language = "russian"
}